@article{Noebauer_2019,
	doi = {10.1007/s41115-019-0004-9},
	url = {https://doi.org/10.1007%2Fs41115-019-0004-9},
	year = 2019,
	month = {jun},
	publisher = {Springer Science and Business Media {LLC}},
	volume = {5},
	number = {1},
	author = {Ulrich M. Noebauer and Stuart A. Sim},
	title = {Monte Carlo radiative transfer},
	journal = {Living Reviews in Computational Astrophysics}
}

@book{Devroye_1986,
  doi = {10.1007/978-1-4613-8643-8},
  url = {https://doi.org/10.1007/978-1-4613-8643-8},
  year = {1986},
  publisher = {Springer New York},
  author = {Luc Devroye},
  title = {Non-Uniform Random Variate Generation}
}